@Misc{dsl-guidelines,
  author       = {Karsai, Gabor and Krahn, Holger and Pinkernell, Claas and
                  Rumpe, Bernhard and Schindler, Martin and Völkel, Steven},
  title        = {Design Guidelines for Domain Specific Languages},
  year         = 2014,
  doi          = {10.48550/ARXIV.1409.2378},
  url          = {https://arxiv.org/abs/1409.2378},
  keywords     = {Software Engineering (cs.SE), FOS: Computer and information
                  sciences, FOS: Computer and information sciences},
  publisher    = {arXiv},
  copyright    = {arXiv.org perpetual, non-exclusive license}
}

@Article{reaper,
  author       = {Dinh, An Vinh Nguyen and Bao, Nhien Pham Hoang and Khalid,
                  Mohd Nor Akmal and Iida, Hiroyuki},
  title        = {Simulating competitiveness and precision in a tournament
                  structure: a reaper tournament system},
  journal      = {International Journal of Information Technology},
  year         = 2019,
  volume       = 12,
  number       = 1,
  month        = {Nov},
  pages        = {1–18},
  issn         = {2511-2112},
  doi          = {10.1007/s41870-019-00397-5},
  url          = {http://dx.doi.org/10.1007/s41870-019-00397-5},
  publisher    = {Springer Science and Business Media LLC}
}

@inbook{reaper2017,
  author = {Pham, Nhien and Bao, Hoang and Xiong, Shuo and Iida, Hiroyuki},
  year = {2017},
  month = {06},
  pages = {16-33},
  title = {Reaper Tournament System},
  isbn = {978-3-319-73061-5},
  doi = {10.1007/978-3-319-73062-2_2}
}

@Article{double-elim-cc,
  author       = {Edwahttps://doi.org/10.1515/jqas-2012-0055rds, Christopher T.},
  title        = {Double-Elimination Tournaments: Counting and Calculating},
  journal      = {The American Statistician},
  year         = 1996,
  volume       = 50,
  number       = 1,
  month        = {Feb},
  pages        = {27–33},
  issn         = {1537-2731},
  doi          = {10.1080/00031305.1996.10473538},
  url          = {http://dx.doi.org/10.1080/00031305.1996.10473538},
  publisher    = {Informa UK Limited}
}

@Article{double-elim-structure-efficacy-manipulation,
  author       = {Stanton, Isabelle and Williams, Virginia Vassilevska},
  title        = {The structure, efficacy, and manipulation of
                  double-elimination tournaments},
  journal      = {Journal of Quantitative Analysis in Sports},
  year         = 2013,
  volume       = 0,
  number       = 0,
  month        = {Jan},
  pages        = {1–17},
  issn         = {2194-6388},
  doi          = {10.1515/jqas-2012-0055},
  url          = {http://dx.doi.org/10.1515/jqas-2012-0055},
  publisher    = {Walter de Gruyter GmbH}
}

@Article{fifa-risk-of-collusion,
  author       = {Guyon, Julien},
  title        = {Risk of Collusion: Will Groups of 3 Ruin the FIFA World Cup?},
  journal      = {Journal of Sports Analytics},
  year         = 2021,
  volume       = 6,
  number       = 4,
  month        = {Jan},
  pages        = {259–279},
  issn         = {2215-0218},
  doi          = {10.3233/jsa-200414},
  url          = {http://dx.doi.org/10.3233/JSA-200414},
  publisher    = {IOS Press}
}

@Article{fifa-quant-unfairness,
  author       = {Csató, László},
  title        = {Quantifying the unfairness of the 2018 FIFA World Cup
                  qualification},
  journal      = {International Journal of Sports Science &amp; Coaching},
  year         = 2022,
  volume       = 18,
  number       = 1,
  month        = {Apr},
  pages        = {183–196},
  issn         = {2048-397X},
  doi          = {10.1177/17479541211073455},
  url          = {http://dx.doi.org/10.1177/17479541211073455},
  publisher    = {SAGE Publications}
}

@Article{fairness-time-relaxed,
  author       = {Van Bulck, David and Goossens, Dries},
  title        = {Handling fairness issues in time-relaxed tournaments with
                  availability constraints},
  journal      = {Computers &amp; Operations Research},
  year         = 2020,
  volume       = 115,
  month        = {Mar},
  pages        = 104856,
  issn         = {0305-0548},
  doi          = {10.1016/j.cor.2019.104856},
  url          = {http://dx.doi.org/10.1016/j.cor.2019.104856},
  publisher    = {Elsevier BV}
}

@Article{perfect-impossible,
  author       = {Placek, Philip C.},
  title        = {The impossibility of a perfect tournament},
  journal      = {Entertainment Computing},
  year         = 2023,
  volume       = 45,
  month        = {Mar},
  pages        = 100540,
  issn         = {1875-9521},
  doi          = {10.1016/j.entcom.2022.100540},
  url          = {http://dx.doi.org/10.1016/j.entcom.2022.100540},
  publisher    = {Elsevier BV}
}

@Article{knockout-seeding,
  author       = {Karpov, Alexander},
  title        = {A new knockout tournament seeding method and its axiomatic
                  justification},
  journal      = {Operations Research Letters},
  year         = 2016,
  volume       = 44,
  number       = 6,
  month        = {Nov},
  pages        = {706–711},
  issn         = {0167-6377},
  doi          = {10.1016/j.orl.2016.09.003},
  url          = {http://dx.doi.org/10.1016/j.orl.2016.09.003},
  publisher    = {Elsevier BV}
}

@Article{tournament-efficacy,
  author       = {Sziklai, Balázs R. and Biró, Péter and Csató, László},
  title        = {The efficacy of tournament designs},
  journal      = {Computers &amp; Operations Research},
  year         = 2022,
  volume       = 144,
  month        = {Aug},
  pages        = 105821,
  issn         = {0305-0548},
  doi          = {10.1016/j.cor.2022.105821},
  url          = {http://dx.doi.org/10.1016/j.cor.2022.105821},
  publisher    = {Elsevier BV}
}

@Misc{cant-believe-it-can-sort,
  author       = {Fung, Stanley P. Y.},
  title        = {Is this the simplest (and most surprising) sorting algorithm
                  ever?},
  year         = 2021,
  doi          = {10.48550/ARXIV.2110.01111},
  url          = {https://arxiv.org/abs/2110.01111},
  keywords     = {Data Structures and Algorithms (cs.DS), FOS: Computer and
                  information sciences, FOS: Computer and information sciences,
                  F.2.2},
  publisher    = {arXiv},
  copyright    = {arXiv.org perpetual, non-exclusive license}
}
